This is the bibTex of the references for my thesis. A more substantial header will be placed here at some point.
(c) Tony Liu 2015

@article{pe04,
  title={Evidence for complex, collective dynamics and emergent, distributed computation in plants},
  author={Peak, David and West, Jevin D and Messinger, Susanna M and Mott, Keith A},
  journal={Proceedings of the National Academy of Sciences of the United States of America},
  volume={101},
  number={4},
  pages={918--922},
  year={2004},
  publisher={National Acad Sciences}
}

@article{mo07,
  title={Stomatal patchiness and task-performing networks},
  author={Mott, Keith A and Peak, David},
  journal={Annals of botany},
  volume={99},
  number={2},
  pages={219--226},
  year={2007},
  publisher={Annals Botany Co}
}

@article{cr95,
  title={The evolution of emergent computation},
  author={Crutchfield, James P and Mitchell, Melanie},
  journal={Proceedings of the National Academy of Sciences},
  volume={92},
  number={23},
  pages={10742--10746},
  year={1995},
  publisher={National Acad Sciences}
}

@article{ek15,
   author = {{Ekhad}, S.~B. and {Sloane}, N.~J.~A. and {Zeilberger}, D.},
    title = "{Odd-Rule Cellular Automata on the Square Grid}",
  journal = {ArXiv e-prints},
archivePrefix = "arXiv",
   eprint = {1503.04249},
 primaryClass = "math.CO",
 keywords = {Mathematics - Combinatorics, Primary 11B85, 37B15},
     year = 2015,
    month = mar,
   adsurl = {http://adsabs.harvard.edu/abs/2015arXiv150304249E},
  adsnote = {Provided by the SAO/NASA Astrophysics Data System}
}

@article{me07,
  title={Task-performing dynamics in irregular, biomimetic networks},
  author={Messinger, Susanna M and Mott, Keith A and Peak, David},
  journal={Complexity},
  volume={12},
  number={6},
  pages={14--21},
  year={2007},
  publisher={Wiley Online Library}
}

@article{la90,
  title={Computation at the edge of chaos: phase transitions and emergent computation},
  author={Langton, Chris G},
  journal={Physica D: Nonlinear Phenomena},
  volume={42},
  number={1},
  pages={12--37},
  year={1990},
  publisher={Elsevier}
}

@article{ba88,
  title={Self-organized criticality},
  author={Bak, Per and Tang, Chao and Wiesenfeld, Kurt},
  journal={Physical review A},
  volume={38},
  number={1},
  pages={364},
  year={1988},
  publisher={APS}
}

@article{ho82,
  title={Neural networks and physical systems with emergent collective computational abilities},
  author={Hopfield, John J},
  journal={Proceedings of the national academy of sciences},
  volume={79},
  number={8},
  pages={2554--2558},
  year={1982},
  publisher={National Acad Sciences}
}

@inproceedings{mi05,
  title={Self-awareness and control in decentralized systems.},
  author={Mitchell, Melanie},
  booktitle={AAAI Spring Symposium: Metacognition in Computation},
  pages={80--85},
  year={2005}
}

@article{fl01,
  title={Do irregular grids make a difference? Relaxing the spatial regularity assumption in cellular models of social dynamics},
  author={Flache, Andreas and Hegselmann, Rainer},
  journal={Journal of Artificial Societies and Social Simulation},
  volume={4},
  number={4},
  year={2001}
}

@article{hu07,
  title={Evolvable self-reproducing cells in a two-dimensional artificial chemistry},
  author={Hutton, Tim J},
  journal={Artificial life},
  volume={13},
  number={1},
  pages={11--30},
  year={2007},
  publisher={MIT Press}
}

@article{di01,
  title={Artificial chemistries—a review},
  author={Dittrich, Peter and Ziegler, Johannes C and Banzhaf, Wolfgang},
  journal={Artificial life},
  volume={7},
  number={3},
  pages={225--275},
  year={2001},
  publisher={MIT Press}
}

@incollection{hi05,
  title={Penrose Life: ash and oscillators},
  author={Hill, Margaret and Stepney, Susan and Wan, Francis},
  booktitle={Advances in Artificial Life},
  pages={471--480},
  year={2005},
  publisher={Springer}
}

@article{si99,
  title={The emergence of cellular computing},
  author={Sipper, Moshe},
  journal={Computer},
  volume={32},
  number={7},
  pages={18--26},
  year={1999},
  publisher={IEEE}
}

@article{ma96,
  title={CAM-8: a computer architecture based on cellular automata},
  author={Margolus, Norman},
  journal={Pattern Formation and Lattice-Gas Automata},
  pages={167--187},
  year={1996},
  publisher={American Mathematical Society}
}

@book{da86,
  title={The blind watchmaker: Why the evidence of evolution reveals a universe without design},
  author={Dawkins, Richard},
  year={1986},
  publisher={WW Norton \& Company}
}

@article{ho92,
  title={Genetic algorithms},
  author={Holland, John H},
  journal={Scientific american},
  volume={267},
  number={1},
  pages={66--72},
  year={1992},
  publisher={SCI AMERICAN INC 415 MADISON AVE, NEW YORK, NY 10017}
}

@article{tu50,
  title={Computing machinery and intelligence},
  author={Turing, Alan M},
  journal={Mind},
  pages={433--460},
  year={1950},
  publisher={JSTOR}
}

@article{bi07,
  title={Escape from the cell: spatially explicit modelling with and without grids},
  author={Bithell, M and Macmillan, WD},
  journal={Ecological Modelling},
  volume={200},
  number={1},
  pages={59--78},
  year={2007},
  publisher={Elsevier}
}

@article{wh03,
  title={A voronoi-based distributed genetic algorithm},
  author={Whigham, Peter A and Dick, Grant},
  year={2003}
}

@article{si98,
  title={Computing with cellular automata: Three cases for nonuniformity},
  author={Sipper, Moshe},
  journal={Physical Review E},
  volume={57},
  number={3},
  pages={3589},
  year={1998},
  publisher={APS}
}

@article{wo90,
  title={Is there a sharp phase transition for deterministic cellular automata?},
  author={Wootters, William K and Langton, Chris G},
  journal={Physica D: Nonlinear Phenomena},
  volume={45},
  number={1},
  pages={95--104},
  year={1990},
  publisher={Elsevier}
}

@inproceedings{br00,
  title={Embryonics+ immunotronics: A bio-inspired approach to fault tolerance},
  author={Bradley, Daryl and Ortega-Sanchez, Cesar and Tyrrell, Andy},
  booktitle={Evolvable Hardware, 2000. Proceedings. The Second NASA/DoD Workshop on},
  pages={215--223},
  year={2000},
  organization={IEEE}
}

@book{ro11,
  title={Handbook of natural computing},
  author={Rozenberg, Grzegorz and Bck, Thomas and Kok, Joost N},
  year={2011},
  publisher={Springer Publishing Company, Incorporated}
}

@incollection{we11,
  title={Comparing the dynamics of stomatal networks to the problem-solving dynamics of cellular computers},
  author={West, Jevin D and Peak, David and Mott, Keith and Messinger, Susanna},
  booktitle={Unifying Themes in Complex Systems},
  pages={327--341},
  year={2011},
  publisher={Springer}
}

@book{si04,
  title={Evolution of parallel cellular machines},
  author={Sipper, Moshe},
  year={1997},
  publisher={Springer Heidelberg}
}

@book{de05,
  title={Cellular automaton modeling of biological pattern formation},
  author={Deutsch, Andreas and Dormann, Sabine},
  year={2005}
}

@book{wf86,
  title={Theory and applications of cellular automata},
  author={Wolfram, Stephen and others},
  volume={1},
  year={1986},
  publisher={World Scientific Singapore}
}

@article{gs84,
  title={Exploiting regularities in large cellular spaces},
  author={Gosper, R Wm},
  journal={Physica D: Nonlinear Phenomena},
  volume={10},
  number={1},
  pages={75--80},
  year={1984},
  publisher={Elsevier}
}

@article{rk06,
  title={An algorithm for compressing space and time-Amazing performance improvements can result},
  author={Rokicki, Tomas G},
  journal={DR DOBBS JOURNAL},
  volume={31},
  number={4},
  pages={12--+},
  year={2006},
  publisher={MILLER FREEMAN, INC 600 HARRISON ST,, SAN FRANCISCO, CA 94107 USA}
}

@book{ho10,
  title={Simulating complex systems by cellular automata},
  author={Hoekstra, Alfons G and Kroc, Jiri and Sloot, Peter MA},
  year={2010},
  publisher={Springer}
}

@article{ho88,
  title={Finite element mesh generation methods: a review and classification},
  author={Ho-Le, K},
  journal={Computer-aided design},
  volume={20},
  number={1},
  pages={27--38},
  year={1988},
  publisher={Elsevier}
}

@book{li09,
  title={Grid generation methods},
  author={Liseikin, Vladimir D},
  year={2009},
  publisher={Springer Science \& Business Media}
}

@inproceedings{br07,
  title={Fast Poisson disk sampling in arbitrary dimensions},
  author={Bridson, Robert},
  booktitle={ACM SIGGRAPH},
  volume={2007},
  pages={5},
  year={2007}
}

@article{bu90,
  title={Automatic mesh generation for finite element analysis},
  author={Bui, TD and Hanh, VN},
  journal={Computing},
  volume={44},
  number={4},
  pages={305--329},
  year={1990},
  publisher={Springer}
}

@article{bh04,
  title={Neighbourly irregular graphs},
  author={Bhragsam, S Gnaana and Ayyaswamy, SK},
  journal={Indian Journal of Pure and Applied Mathematics},
  volume={35},
  number={3},
  pages={389--400},
  year={2004},
  publisher={INDIAN NATIONAL SCIENCE ACADEMY}
}

@article{mi93,
  title={Revisiting the Edge of Chaos: Evolving Cellular Automata to Perform Computations},
  author={Mitchell, Melanie and Hraber, Peter T and Crutchfield, James P},
  journal={Complex Systems},
  volume={7},
  number={Santa Fe Institute Working Paper 93-03-014},
  pages={89--130},
  year={1993}
}

@article{ta01,
  title={Creativity in evolution: Individuals, interactions and environments},
  author={Taylor, Tim},
  journal={Creative evolutionary systems},
  pages={79--108},
  year={2001},
  publisher={New York: Morgan Kaufman}
}

@inproceedings{ca06,
  title={Using rule-based fuzzy cognitive maps to model dynamic cell behavior in Voronoi based cellular automata},
  author={Carvalho, Joao P and Carola, Marco and Tom{\'e}, Jos{\'e} AB},
  booktitle={2006 IEEE International Conference on Fuzzy Systems}
}

@inproceedings{ac14,
  title={Indefinitely Scalable Computing= Artificial Life Engineering},
  author={Ackley, David H and Small, Trent R},
  booktitle={ALIFE 14: The Fourteenth Conference on the Synthesis and Simulation of Living Systems},
  volume={14},
  pages={3--5}
}

@article{li90a,
  title={The structure of the elementary cellular automata rule space},
  author={Li, Wentian and Packard, Norman},
  journal={Complex Systems},
  volume={4},
  number={3},
  pages={281--297},
  year={1990}
}

@article{li90b,
  title={Transition phenomena in cellular automata rule space},
  author={Li, Wentian and Packard, Norman H and Langton, Chris G},
  journal={Physica D: Nonlinear Phenomena},
  volume={45},
  number={1},
  pages={77--94},
  year={1990},
  publisher={Elsevier}
}

@article{gu85,
  title={Primitives for the manipulation of general subdivisions and the computation of Voronoi},
  author={Guibas, Leonidas and Stolfi, Jorge},
  journal={ACM transactions on graphics (TOG)},
  volume={4},
  number={2},
  pages={74--123},
  year={1985},
  publisher={ACM}
}

@article{sh00,
  title={Development of Voronoi-based cellular automata-an integrated dynamic model for Geographical Information Systems},
  author={Shi, Wenzhong and Pang, Matthew Yick Cheung},
  journal={International Journal of Geographical Information Science},
  volume={14},
  number={5},
  pages={455--474},
  year={2000},
  publisher={Taylor \& Francis}
}

@article{cr93,
  title={Turbulent pattern bases for cellular automata},
  author={Crutchfield, James P and Hanson, James E},
  journal={Physica D: Nonlinear Phenomena},
  volume={69},
  number={3},
  pages={279--301},
  year={1993},
  publisher={Elsevier}
}

@misc{gr15,
  title={Decoding the Consensus Problem},
  author={Griffin, David},
  howpublished={Personal communication},
  year={2015}
}

@article{to05,
  title={Evolution and dynamics of small-world cellular automata},
  author={Tomassini, Marco and Giacobini, Mario and Darabos, Christian},
  journal={Complex Systems},
  volume={15},
  number={4},
  pages={261--284},
  year={2005},
  publisher={[Champaign, IL, USA: Complex Systems Publications, Inc., c1987-}
}

@article{he98,
  title={Understanding complex social dynamics: A plea for cellular automata based modelling},
  author={Hegselmann, Rainer and Flache, Andreas},
  journal={Journal of Artificial Societies and Social Simulation},
  volume={1},
  number={3},
  pages={1},
  year={1998}
}

@article{wf84,
  title={Universality and complexity in cellular automata},
  author={Wolfram, Stephen},
  journal={Physica D: Nonlinear Phenomena},
  volume={10},
  number={1},
  pages={1--35},
  year={1984},
  publisher={Elsevier}
}

@article{mi96,
  title={Computation in cellular automata: A selected review},
  author={Mitchell, Melanie and others},
  journal={Nonstandard Computation},
  pages={95--140},
  year={1996},
  publisher={VCH Verlagsgesellschaft. Braziller Publishers. New Perspectives on Cybernetics. G. van de Vijver (ed.). Kluwer}
}

@book{pa88,
  title={Adaptation toward the edge of chaos},
  author={Packard, Norman H},
  year={1988},
  publisher={University of Illinois at Urbana-Champaign, Center for Complex Systems Research}
}

@article{cr94,
  title={The calculi of emergence: computation, dynamics and induction},
  author={Crutchfield, James P},
  journal={Physica D: Nonlinear Phenomena},
  volume={75},
  number={1},
  pages={11--54},
  year={1994},
  publisher={Elsevier}
}

@article{ra11,
  title={Generalization of Conway's" Game of Life" to a continuous domain-SmoothLife},
  author={Rafler, Stephan},
  journal={arXiv preprint arXiv:1111.1567},
  year={2011}
}

@article{ac12,
  title={A movable architecture for robust spatial computing},
  author={Ackley, David H and Cannon, Daniel C and Williams, Lance R},
  journal={The Computer Journal},
  pages={bxs129},
  year={2012},
  publisher={Br Computer Soc}
}

@book{ok09,
  title={Spatial tessellations: concepts and applications of Voronoi diagrams},
  author={Okabe, Atsuyuki and Boots, Barry and Sugihara, Kokichi and Chiu, Sung Nok},
  volume={501},
  year={2009},
  publisher={John Wiley \& Sons}
}

@book{ch89,
  title={Parallel program design},
  author={Chandy, K Mani},
  year={1989},
  publisher={Springer}
}

@article{ac13,
  title={Beyond efficiency},
  author={Ackley, David H},
  journal={Communications of the ACM},
  volume={56},
  number={10},
  pages={38--40},
  year={2013},
  publisher={ACM}
}

@article{ga70,
  title={Mathematical games: The fantastic combinations of John Conway’s new solitaire game “life”},
  author={Gardner, Martin},
  journal={Scientific American},
  volume={223},
  number={4},
  pages={120--123},
  year={1970},
  publisher={vol}
}

@article{it94,
  title={Self-organisation of living systems towards criticality at the edge of chaos},
  author={Ito, Keisuke and Gunji, Yukio-Pegio},
  journal={Biosystems},
  volume={33},
  number={1},
  pages={17--24},
  year={1994},
  publisher={Elsevier}
}

@phdthesis{ce11,
  title={Information Processing in Two-Dimensional Cellular Automata},
  author={Cenek, Martin},
  year={2011},
  school={Portland State University}
}

@article{ad11,
  title={Vesicle computers: Approximating a Voronoi diagram using Voronoi automata},
  author={Adamatzky, Andrew and Costello, Ben De Lacy and Holley, Julian and Gorecki, Jerzy and Bull, Larry},
  journal={Chaos, Solitons \& Fractals},
  volume={44},
  number={7},
  pages={480--489},
  year={2011},
  publisher={Elsevier}
}

@article{ow08,
  title={Investigations of Game of Life cellular automata rules on Penrose Tilings: lifetime and ash statistics},
  author={Owens, Nick and Stepney, Susan},
  journal={AUTOMATA-2008},
  pages={1},
  publisher={Citeseer}
}

@incollection{ow10,
  title={The Game of Life rules on Penrose tilings: still life and oscillators},
  author={Owens, Nick and Stepney, Susan},
  booktitle={Game of Life Cellular Automata},
  pages={331--378},
  year={2010},
  publisher={Springer}
}

@book{ed08,
  title={Design and Analysis of Algorithms},
  author={Edelsbrunner, Herbert and Gu, Zhiqiang},
  year={2008},
  publisher={Duke University}
}

@misc{av00,
  title={Computation, dynamics and the phase-transition},
  author={Avnet, Jeremy},
  year={2000},
  publisher={Citeseer}
}

@article{go12,
  title={Gliders in Cellular Automata on Penrose Tilings.},
  author={Goucher, Adam P},
  journal={Journal of Cellular Automata},
  volume={7},
  year={2012}
}

@misc{am10,
  title={Polygonal Map Generation for Games},
  author={Patel, Amit},
  howpublished= {\url{http://www-cs-students.stanford.edu/~amitp/game-programming/polygon-map-generation/}},
  year={2010} 
}

@article{ho88,
  title={Cellular automata as a paradigm for ecological modeling},
  author={Hogeweg, Paulien},
  journal={Applied mathematics and computation},
  volume={27},
  number={1},
  pages={81--100},
  year={1988},
  publisher={Elsevier}
}

@inproceedings{el01,
  title={Graphviz—open source graph drawing tools},
  author={Ellson, John and Gansner, Emden and Koutsofios, Lefteris and North, Stephen C and Woodhull, Gordon},
  booktitle={Graph Drawing},
  pages={483--484},
  year={2001},
  organization={Springer}
}

@book{de11,
  title={Discrete and computational geometry},
  author={Devadoss, Satyan L and O'Rourke, Joseph},
  year={2011},
  publisher={Princeton University Press}
}

@article{jo14,
  title={$\{$SciPy$\}$: open source scientific tools for $\{$Python$\}$},
  author={Jones, Eric and Oliphant, Travis and Peterson, Pearu},
  year={2014}
}

@article{ro71,
  title={Undecidability and nonperiodicity for tilings of the plane},
  author={Robinson, Raphael M},
  journal={Inventiones mathematicae},
  volume={12},
  number={3},
  pages={177--209},
  year={1971},
  publisher={Springer}
}

@article{ni98,
  title={1ƒ fluctuation in the “Game of Life”},
  author={Ninagawa, Shigeru and Yoneda, Masaaki and Hirose, Sadaki},
  journal={Physica D: Nonlinear Phenomena},
  volume={118},
  number={1},
  pages={49--52},
  year={1998},
  publisher={Elsevier}
}

@inproceedings{wu98,
  title={Classifying cellular automata automatically},
  author={Wuensche, Andrew and others},
  year={1998},
  organization={Santa Fe Institute Santa Fe, NM}
}

@article{be14,
  title={The cognitive domain of a glider in the game of life},
  author={Beer, Randall D},
  journal={Artificial life},
  volume={20},
  number={2},
  pages={183--206},
  year={2014},
  publisher={MIT Press}
}